@TechReport{stackoverflow_survey:2025,
	author = {{Stack Overflow}},
	title = {2025 Developer Survey},
	institution = {Stack Overflow},
	year = {2025},
	url = {https://survey.stackoverflow.co/2025/technology#2-programming-scripting-and-markup-languages},
}
